@misc{IEEE:2016:TheMakingOfArduino,
title = {IEEE The Making of Arduino},
note = {http://spectrum.ieee.org/geek-life/hands-on/the-making-of-arduino},
month = {5},
year = {2016}
}

